<record><leader>02043pam a2200445 i 4500</leader><controlfield tag="001">6815563</controlfield><controlfield tag="003">OCoLC</controlfield><controlfield tag="005">20150220160003.0</controlfield><controlfield tag="008">140908s2015    nyu      b    001 0 eng  </controlfield><datafield ind1=" " ind2=" " tag="010"><subfield code="a">  2014033054</subfield></datafield><datafield ind1=" " ind2=" " tag="020"><subfield code="a">9781623567477 (hardback : alk. paper)</subfield></datafield><datafield ind1=" " ind2=" " tag="020"><subfield code="a">1623567475 (hardback : alk. paper)</subfield></datafield><datafield ind1=" " ind2=" " tag="020"><subfield code="z">9781623569228 (ePDF)</subfield></datafield><datafield ind1=" " ind2=" " tag="020"><subfield code="z">9781623567385 (epub)</subfield></datafield><datafield ind1=" " ind2=" " tag="035"><subfield code="a">ocn890912482</subfield></datafield><datafield ind1=" " ind2=" " tag="040"><subfield code="a">DLC</subfield><subfield code="b">eng</subfield><subfield code="e">rda</subfield><subfield code="c">DLC</subfield><subfield code="d">OCLCO</subfield><subfield code="d">YDXCP</subfield><subfield code="d">BTCTA</subfield><subfield code="d">BDX</subfield><subfield code="d">UAB</subfield><subfield code="d">AEU</subfield></datafield><datafield ind1=" " ind2=" " tag="042"><subfield code="a">pcc</subfield></datafield><datafield ind1=" " ind2=" " tag="043"><subfield code="a">e-uk-en</subfield><subfield code="a">n-us---</subfield></datafield><datafield ind1="0" ind2="0" tag="050"><subfield code="a">PN1995.9.M34</subfield><subfield code="b">B33 2015</subfield></datafield><datafield ind1="0" ind2="0" tag="082"><subfield code="a">820.9/35211</subfield><subfield code="2">23</subfield></datafield><datafield ind1=" " ind2=" " tag="090"><subfield code="a">PN 1995.9 M34 B33 2015</subfield><subfield code="b">AEU</subfield></datafield><datafield ind1="1" ind2=" " tag="100"><subfield code="a">Baker, Brian,</subfield><subfield code="d">1969-</subfield><subfield code="e">author.</subfield></datafield><datafield ind1="1" ind2="0" tag="245"><subfield code="a">Contemporary masculinities in fiction, film and television /</subfield><subfield code="c">Brian Baker.</subfield></datafield><datafield ind1=" " ind2="1" tag="264"><subfield code="a">New York :</subfield><subfield code="b">Bloomsbury Academic, an imprint of Bloomsbury Publishing Inc,</subfield><subfield code="c">2015.</subfield></datafield><datafield ind1=" " ind2=" " tag="300"><subfield code="a">260 pages ;</subfield><subfield code="c">24 cm</subfield></datafield><datafield ind1=" " ind2=" " tag="336"><subfield code="a">text</subfield><subfield code="b">txt</subfield><subfield code="2">rdacontent</subfield></datafield><datafield ind1=" " ind2=" " tag="337"><subfield code="a">unmediated</subfield><subfield code="b">n</subfield><subfield code="2">rdamedia</subfield></datafield><datafield ind1=" " ind2=" " tag="338"><subfield code="a">volume</subfield><subfield code="b">nc</subfield><subfield code="2">rdacarrier</subfield></datafield><datafield ind1=" " ind2=" " tag="504"><subfield code="a">Includes bibliographical references and index.</subfield></datafield><datafield ind1="0" ind2=" " tag="505"><subfield code="a">Introduction -- Narratives of power. Gallivanting round the world -- Masters and commanders -- American hearts of darkness -- The special relationship -- Science fiction. The enclave and the border -- Dystopia and the post-apocalyptic scene -- Alien nations -- Everybody runs -- Annihilations -- Gothic/ horror/ the fantastic. Tape spectra -- Orpheus descending -- Lecter -- The angels and the damned -- Conclusion.</subfield></datafield><datafield ind1=" " ind2=" " tag="596"><subfield code="a">43</subfield></datafield><datafield ind1=" " ind2="0" tag="650"><subfield code="a">Masculinity in motion pictures.</subfield></datafield><datafield ind1=" " ind2="0" tag="650"><subfield code="a">Men in motion pictures.</subfield></datafield><datafield ind1=" " ind2="0" tag="650"><subfield code="a">Masculinity on television.</subfield></datafield><datafield ind1=" " ind2="0" tag="650"><subfield code="a">English fiction</subfield><subfield code="y">20th century</subfield><subfield code="x">History and criticism.</subfield></datafield><datafield ind1=" " ind2="0" tag="650"><subfield code="a">American fiction</subfield><subfield code="y">20th century</subfield><subfield code="x">History and criticism.</subfield></datafield><datafield ind1=" " ind2="0" tag="650"><subfield code="a">Masculinity in literature.</subfield></datafield><datafield ind1=" " ind2="0" tag="650"><subfield code="a">Men in literature.</subfield></datafield><datafield ind1=" " ind2=" " tag="949"><subfield code="a">PN 1995.9 M34 B33 2015</subfield><subfield code="h">UAHS-B</subfield><subfield code="i">0162035248770</subfield></datafield><datafield ind1=" " ind2=" " tag="926"><subfield code="a">PN 1995.9 M34 B33 2015</subfield><subfield code="w">LC</subfield><subfield code="c">1</subfield><subfield code="i">0162035248770</subfield><subfield code="l">ON_SHELF</subfield><subfield code="m">UAHSS</subfield><subfield code="p">$150.00</subfield><subfield code="r">Y</subfield><subfield code="s">Y</subfield><subfield code="t">BOOK</subfield><subfield code="u">3/4/2015</subfield></datafield></record>